%YAML 1.1
%TAG !u! tag:unity3d.com,2011:
--- !u!29 &1
SceneSettings:
  m_ObjectHideFlags: 0
  m_PVSData: 
  m_PVSObjectsArray: []
  m_PVSPortalsArray: []
  m_OcclusionBakeSettings:
    smallestOccluder: 5
    smallestHole: 0.25
    backfaceThreshold: 100
--- !u!104 &2
RenderSettings:
  m_ObjectHideFlags: 0
  serializedVersion: 6
  m_Fog: 0
  m_FogColor: {r: 0.5, g: 0.5, b: 0.5, a: 1}
  m_FogMode: 3
  m_FogDensity: 0.01
  m_LinearFogStart: 0
  m_LinearFogEnd: 300
  m_AmbientSkyColor: {r: 0.212, g: 0.227, b: 0.259, a: 1}
  m_AmbientEquatorColor: {r: 0.114, g: 0.125, b: 0.133, a: 1}
  m_AmbientGroundColor: {r: 0.047, g: 0.043, b: 0.035, a: 1}
  m_AmbientIntensity: 1
  m_AmbientMode: 3
  m_SkyboxMaterial: {fileID: 0}
  m_HaloStrength: 0.5
  m_FlareStrength: 1
  m_FlareFadeSpeed: 3
  m_HaloTexture: {fileID: 0}
  m_SpotCookie: {fileID: 10001, guid: 0000000000000000e000000000000000, type: 0}
  m_DefaultReflectionMode: 0
  m_DefaultReflectionResolution: 128
  m_ReflectionBounces: 1
  m_ReflectionIntensity: 1
  m_CustomReflection: {fileID: 0}
  m_Sun: {fileID: 0}
--- !u!157 &3
LightmapSettings:
  m_ObjectHideFlags: 0
  serializedVersion: 6
  m_GIWorkflowMode: 1
  m_LightmapsMode: 1
  m_GISettings:
    serializedVersion: 2
    m_BounceScale: 1
    m_IndirectOutputScale: 1
    m_AlbedoBoost: 1
    m_TemporalCoherenceThreshold: 1
    m_EnvironmentLightingMode: 0
    m_EnableBakedLightmaps: 0
    m_EnableRealtimeLightmaps: 0
  m_LightmapEditorSettings:
    serializedVersion: 3
    m_Resolution: 2
    m_BakeResolution: 40
    m_TextureWidth: 1024
    m_TextureHeight: 1024
    m_AOMaxDistance: 1
    m_Padding: 2
    m_CompAOExponent: 0
    m_LightmapParameters: {fileID: 0}
    m_TextureCompression: 1
    m_FinalGather: 0
    m_FinalGatherRayCount: 1024
    m_ReflectionCompression: 2
  m_LightingDataAsset: {fileID: 0}
  m_RuntimeCPUUsage: 25
--- !u!196 &4
NavMeshSettings:
  serializedVersion: 2
  m_ObjectHideFlags: 0
  m_BuildSettings:
    serializedVersion: 2
    agentRadius: 0.5
    agentHeight: 2
    agentSlope: 45
    agentClimb: 0.4
    ledgeDropHeight: 0
    maxJumpAcrossDistance: 0
    accuratePlacement: 0
    minRegionArea: 2
    cellSize: 0.16666667
    manualCellSize: 0
  m_NavMeshData: {fileID: 0}
--- !u!1 &14263160
GameObject:
  m_ObjectHideFlags: 0
  m_PrefabParentObject: {fileID: 0}
  m_PrefabInternal: {fileID: 0}
  serializedVersion: 4
  m_Component:
  - 4: {fileID: 14263163}
  - 114: {fileID: 14263162}
  - 114: {fileID: 14263161}
  m_Layer: 0
  m_Name: EventSystem
  m_TagString: Untagged
  m_Icon: {fileID: 0}
  m_NavMeshLayer: 0
  m_StaticEditorFlags: 0
  m_IsActive: 1
--- !u!114 &14263161
MonoBehaviour:
  m_ObjectHideFlags: 0
  m_PrefabParentObject: {fileID: 0}
  m_PrefabInternal: {fileID: 0}
  m_GameObject: {fileID: 14263160}
  m_Enabled: 1
  m_EditorHideFlags: 0
  m_Script: {fileID: 1077351063, guid: f5f67c52d1564df4a8936ccd202a3bd8, type: 3}
  m_Name: 
  m_EditorClassIdentifier: 
  m_HorizontalAxis: Horizontal
  m_VerticalAxis: Vertical
  m_SubmitButton: Submit
  m_CancelButton: Cancel
  m_InputActionsPerSecond: 10
  m_RepeatDelay: 0.5
  m_ForceModuleActive: 0
--- !u!114 &14263162
MonoBehaviour:
  m_ObjectHideFlags: 0
  m_PrefabParentObject: {fileID: 0}
  m_PrefabInternal: {fileID: 0}
  m_GameObject: {fileID: 14263160}
  m_Enabled: 1
  m_EditorHideFlags: 0
  m_Script: {fileID: -619905303, guid: f5f67c52d1564df4a8936ccd202a3bd8, type: 3}
  m_Name: 
  m_EditorClassIdentifier: 
  m_FirstSelected: {fileID: 0}
  m_sendNavigationEvents: 1
  m_DragThreshold: 5
--- !u!4 &14263163
Transform:
  m_ObjectHideFlags: 0
  m_PrefabParentObject: {fileID: 0}
  m_PrefabInternal: {fileID: 0}
  m_GameObject: {fileID: 14263160}
  m_LocalRotation: {x: 0, y: 0, z: 0, w: 1}
  m_LocalPosition: {x: 0, y: 0, z: 0}
  m_LocalScale: {x: 1, y: 1, z: 1}
  m_Children: []
  m_Father: {fileID: 0}
  m_RootOrder: 0
--- !u!1 &126460176
GameObject:
  m_ObjectHideFlags: 0
  m_PrefabParentObject: {fileID: 149096, guid: b03412592621c5045b7561e461f799b6, type: 2}
  m_PrefabInternal: {fileID: 0}
  serializedVersion: 4
  m_Component:
  - 224: {fileID: 126460177}
  - 222: {fileID: 126460179}
  - 114: {fileID: 126460178}
  m_Layer: 5
  m_Name: InfoTeksti
  m_TagString: Untagged
  m_Icon: {fileID: 0}
  m_NavMeshLayer: 0
  m_StaticEditorFlags: 0
  m_IsActive: 0
--- !u!224 &126460177
RectTransform:
  m_ObjectHideFlags: 0
  m_PrefabParentObject: {fileID: 22445746, guid: b03412592621c5045b7561e461f799b6,
    type: 2}
  m_PrefabInternal: {fileID: 0}
  m_GameObject: {fileID: 126460176}
  m_LocalRotation: {x: 0, y: 0, z: 0, w: 1}
  m_LocalPosition: {x: 0, y: 0, z: 0}
  m_LocalScale: {x: 1, y: 1, z: 1}
  m_Children:
  - {fileID: 1347389500}
  - {fileID: 2056546453}
  m_Father: {fileID: 1184270527}
  m_RootOrder: 6
  m_AnchorMin: {x: 0.5, y: 0.5}
  m_AnchorMax: {x: 0.5, y: 0.5}
  m_AnchoredPosition: {x: -292.8, y: -56.6}
  m_SizeDelta: {x: 278.2, y: 56.4}
  m_Pivot: {x: 0.5, y: 0.5}
--- !u!114 &126460178
MonoBehaviour:
  m_ObjectHideFlags: 0
  m_PrefabParentObject: {fileID: 11494070, guid: b03412592621c5045b7561e461f799b6,
    type: 2}
  m_PrefabInternal: {fileID: 0}
  m_GameObject: {fileID: 126460176}
  m_Enabled: 1
  m_EditorHideFlags: 0
  m_Script: {fileID: 708705254, guid: f5f67c52d1564df4a8936ccd202a3bd8, type: 3}
  m_Name: 
  m_EditorClassIdentifier: 
  m_Material: {fileID: 0}
  m_Color: {r: 1, g: 0, b: 0, a: 1}
  m_RaycastTarget: 1
  m_OnCullStateChanged:
    m_PersistentCalls:
      m_Calls: []
    m_TypeName: UnityEngine.UI.MaskableGraphic+CullStateChangedEvent, UnityEngine.UI,
      Version=1.0.0.0, Culture=neutral, PublicKeyToken=null
  m_FontData:
    m_Font: {fileID: 12800000, guid: a4620de66dddd304ab0721777d3cbaf6, type: 3}
    m_FontSize: 20
    m_FontStyle: 0
    m_BestFit: 1
    m_MinSize: 10
    m_MaxSize: 42
    m_Alignment: 3
    m_AlignByGeometry: 0
    m_RichText: 1
    m_HorizontalOverflow: 0
    m_VerticalOverflow: 0
    m_LineSpacing: 1
  m_Text: "Kirjaukset olivat v\xE4\xE4rin. Yrit\xE4 uudelleen."
--- !u!222 &126460179
CanvasRenderer:
  m_ObjectHideFlags: 0
  m_PrefabParentObject: {fileID: 22296470, guid: b03412592621c5045b7561e461f799b6,
    type: 2}
  m_PrefabInternal: {fileID: 0}
  m_GameObject: {fileID: 126460176}
--- !u!1 &148009859
GameObject:
  m_ObjectHideFlags: 0
  m_PrefabParentObject: {fileID: 121540, guid: b03412592621c5045b7561e461f799b6, type: 2}
  m_PrefabInternal: {fileID: 0}
  serializedVersion: 4
  m_Component:
  - 224: {fileID: 148009860}
  - 222: {fileID: 148009862}
  - 114: {fileID: 148009861}
  m_Layer: 5
  m_Name: Pisteet
  m_TagString: PisteText
  m_Icon: {fileID: 0}
  m_NavMeshLayer: 0
  m_StaticEditorFlags: 0
  m_IsActive: 1
--- !u!224 &148009860
RectTransform:
  m_ObjectHideFlags: 0
  m_PrefabParentObject: {fileID: 22453308, guid: b03412592621c5045b7561e461f799b6,
    type: 2}
  m_PrefabInternal: {fileID: 0}
  m_GameObject: {fileID: 148009859}
  m_LocalRotation: {x: 0, y: 0, z: 0, w: 1}
  m_LocalPosition: {x: 0, y: 0, z: 0}
  m_LocalScale: {x: 0.8758579, y: 0.8758579, z: 0.8758579}
  m_Children: []
  m_Father: {fileID: 1184270527}
  m_RootOrder: 2
  m_AnchorMin: {x: 0.5, y: 0.5}
  m_AnchorMax: {x: 0.5, y: 0.5}
  m_AnchoredPosition: {x: 557, y: 84.4}
  m_SizeDelta: {x: 100, y: 100}
  m_Pivot: {x: 0.5, y: 0.5}
--- !u!114 &148009861
MonoBehaviour:
  m_ObjectHideFlags: 0
  m_PrefabParentObject: {fileID: 11420042, guid: b03412592621c5045b7561e461f799b6,
    type: 2}
  m_PrefabInternal: {fileID: 0}
  m_GameObject: {fileID: 148009859}
  m_Enabled: 1
  m_EditorHideFlags: 0
  m_Script: {fileID: 708705254, guid: f5f67c52d1564df4a8936ccd202a3bd8, type: 3}
  m_Name: 
  m_EditorClassIdentifier: 
  m_Material: {fileID: 0}
  m_Color: {r: 0, g: 0, b: 0, a: 1}
  m_RaycastTarget: 1
  m_OnCullStateChanged:
    m_PersistentCalls:
      m_Calls: []
    m_TypeName: UnityEngine.UI.MaskableGraphic+CullStateChangedEvent, UnityEngine.UI,
      Version=1.0.0.0, Culture=neutral, PublicKeyToken=null
  m_FontData:
    m_Font: {fileID: 12800000, guid: a4620de66dddd304ab0721777d3cbaf6, type: 3}
    m_FontSize: 20
    m_FontStyle: 0
    m_BestFit: 1
    m_MinSize: 10
    m_MaxSize: 42
    m_Alignment: 4
    m_AlignByGeometry: 0
    m_RichText: 1
    m_HorizontalOverflow: 0
    m_VerticalOverflow: 0
    m_LineSpacing: 1
  m_Text: Pisteet
--- !u!222 &148009862
CanvasRenderer:
  m_ObjectHideFlags: 0
  m_PrefabParentObject: {fileID: 22241388, guid: b03412592621c5045b7561e461f799b6,
    type: 2}
  m_PrefabInternal: {fileID: 0}
  m_GameObject: {fileID: 148009859}
--- !u!1 &407132722
GameObject:
  m_ObjectHideFlags: 0
  m_PrefabParentObject: {fileID: 195048, guid: b03412592621c5045b7561e461f799b6, type: 2}
  m_PrefabInternal: {fileID: 0}
  serializedVersion: 4
  m_Component:
  - 224: {fileID: 407132723}
  m_Layer: 5
  m_Name: Tilipaikka1 (5)
  m_TagString: Untagged
  m_Icon: {fileID: 0}
  m_NavMeshLayer: 0
  m_StaticEditorFlags: 0
  m_IsActive: 1
--- !u!224 &407132723
RectTransform:
  m_ObjectHideFlags: 0
  m_PrefabParentObject: {fileID: 22478842, guid: b03412592621c5045b7561e461f799b6,
    type: 2}
  m_PrefabInternal: {fileID: 0}
  m_GameObject: {fileID: 407132722}
  m_LocalRotation: {x: 0, y: 0, z: 0, w: 1}
  m_LocalPosition: {x: 0, y: 0, z: 0}
  m_LocalScale: {x: 1, y: 1, z: 1}
  m_Children: []
  m_Father: {fileID: 1586748816}
  m_RootOrder: 6
  m_AnchorMin: {x: 0.5, y: 0.5}
  m_AnchorMax: {x: 0.5, y: 0.5}
  m_AnchoredPosition: {x: 286, y: -2047}
  m_SizeDelta: {x: 100, y: 100}
  m_Pivot: {x: 0.5, y: 0.5}
--- !u!1 &475541836
GameObject:
  m_ObjectHideFlags: 0
  m_PrefabParentObject: {fileID: 102720, guid: b03412592621c5045b7561e461f799b6, type: 2}
  m_PrefabInternal: {fileID: 0}
  serializedVersion: 4
  m_Component:
  - 224: {fileID: 475541837}
  - 222: {fileID: 475541840}
  - 114: {fileID: 475541839}
  - 114: {fileID: 475541838}
  m_Layer: 5
  m_Name: KirjaustenPerumisNappi
  m_TagString: Untagged
  m_Icon: {fileID: 0}
  m_NavMeshLayer: 0
  m_StaticEditorFlags: 0
  m_IsActive: 1
--- !u!224 &475541837
RectTransform:
  m_ObjectHideFlags: 0
  m_PrefabParentObject: {fileID: 22463908, guid: b03412592621c5045b7561e461f799b6,
    type: 2}
  m_PrefabInternal: {fileID: 0}
  m_GameObject: {fileID: 475541836}
  m_LocalRotation: {x: 0, y: 0, z: 0, w: 1}
  m_LocalPosition: {x: 0, y: 0, z: 0}
  m_LocalScale: {x: 1, y: 1, z: 1}
  m_Children:
  - {fileID: 1162949051}
  m_Father: {fileID: 1184270527}
  m_RootOrder: 5
  m_AnchorMin: {x: 0.5, y: 0.5}
  m_AnchorMax: {x: 0.5, y: 0.5}
  m_AnchoredPosition: {x: -349, y: 10}
  m_SizeDelta: {x: 165, y: 60}
  m_Pivot: {x: 0.5, y: 0.5}
--- !u!114 &475541838
MonoBehaviour:
  m_ObjectHideFlags: 0
  m_PrefabParentObject: {fileID: 11458996, guid: b03412592621c5045b7561e461f799b6,
    type: 2}
  m_PrefabInternal: {fileID: 0}
  m_GameObject: {fileID: 475541836}
  m_Enabled: 1
  m_EditorHideFlags: 0
  m_Script: {fileID: 1392445389, guid: f5f67c52d1564df4a8936ccd202a3bd8, type: 3}
  m_Name: 
  m_EditorClassIdentifier: 
  m_Navigation:
    m_Mode: 3
    m_SelectOnUp: {fileID: 0}
    m_SelectOnDown: {fileID: 0}
    m_SelectOnLeft: {fileID: 0}
    m_SelectOnRight: {fileID: 0}
  m_Transition: 1
  m_Colors:
    m_NormalColor: {r: 1, g: 1, b: 1, a: 1}
    m_HighlightedColor: {r: 0.9607843, g: 0.9607843, b: 0.9607843, a: 1}
    m_PressedColor: {r: 0.78431374, g: 0.78431374, b: 0.78431374, a: 1}
    m_DisabledColor: {r: 0.78431374, g: 0.78431374, b: 0.78431374, a: 0.5019608}
    m_ColorMultiplier: 1
    m_FadeDuration: 0.1
  m_SpriteState:
    m_HighlightedSprite: {fileID: 0}
    m_PressedSprite: {fileID: 0}
    m_DisabledSprite: {fileID: 0}
  m_AnimationTriggers:
    m_NormalTrigger: Normal
    m_HighlightedTrigger: Highlighted
    m_PressedTrigger: Pressed
    m_DisabledTrigger: Disabled
  m_Interactable: 0
  m_TargetGraphic: {fileID: 475541839}
  m_OnClick:
    m_PersistentCalls:
      m_Calls:
      - m_Target: {fileID: 1586748812}
        m_MethodName: tyhjennaKierroksenKirjaukset
        m_Mode: 1
        m_Arguments:
          m_ObjectArgument: {fileID: 0}
          m_ObjectArgumentAssemblyTypeName: UnityEngine.Object, UnityEngine
          m_IntArgument: 0
          m_FloatArgument: 0
          m_StringArgument: 
          m_BoolArgument: 0
        m_CallState: 2
    m_TypeName: UnityEngine.UI.Button+ButtonClickedEvent, UnityEngine.UI, Version=1.0.0.0,
      Culture=neutral, PublicKeyToken=null
--- !u!114 &475541839
MonoBehaviour:
  m_ObjectHideFlags: 0
  m_PrefabParentObject: {fileID: 11480064, guid: b03412592621c5045b7561e461f799b6,
    type: 2}
  m_PrefabInternal: {fileID: 0}
  m_GameObject: {fileID: 475541836}
  m_Enabled: 1
  m_EditorHideFlags: 0
  m_Script: {fileID: -765806418, guid: f5f67c52d1564df4a8936ccd202a3bd8, type: 3}
  m_Name: 
  m_EditorClassIdentifier: 
  m_Material: {fileID: 0}
  m_Color: {r: 1, g: 1, b: 1, a: 1}
  m_RaycastTarget: 1
  m_OnCullStateChanged:
    m_PersistentCalls:
      m_Calls: []
    m_TypeName: UnityEngine.UI.MaskableGraphic+CullStateChangedEvent, UnityEngine.UI,
      Version=1.0.0.0, Culture=neutral, PublicKeyToken=null
  m_Sprite: {fileID: 21300000, guid: 9fed05922205d4241b3c0cd65c537bb1, type: 3}
  m_Type: 0
  m_PreserveAspect: 0
  m_FillCenter: 1
  m_FillMethod: 4
  m_FillAmount: 1
  m_FillClockwise: 1
  m_FillOrigin: 0
--- !u!222 &475541840
CanvasRenderer:
  m_ObjectHideFlags: 0
  m_PrefabParentObject: {fileID: 22247428, guid: b03412592621c5045b7561e461f799b6,
    type: 2}
  m_PrefabInternal: {fileID: 0}
  m_GameObject: {fileID: 475541836}
--- !u!1 &618495096
GameObject:
  m_ObjectHideFlags: 0
  m_PrefabParentObject: {fileID: 149860, guid: b03412592621c5045b7561e461f799b6, type: 2}
  m_PrefabInternal: {fileID: 0}
  serializedVersion: 4
  m_Component:
  - 224: {fileID: 618495097}
  m_Layer: 5
  m_Name: Tilipaikka1 (7)
  m_TagString: Untagged
  m_Icon: {fileID: 0}
  m_NavMeshLayer: 0
  m_StaticEditorFlags: 0
  m_IsActive: 1
--- !u!224 &618495097
RectTransform:
  m_ObjectHideFlags: 0
  m_PrefabParentObject: {fileID: 22466678, guid: b03412592621c5045b7561e461f799b6,
    type: 2}
  m_PrefabInternal: {fileID: 0}
  m_GameObject: {fileID: 618495096}
  m_LocalRotation: {x: 0, y: 0, z: 0, w: 1}
  m_LocalPosition: {x: 0, y: 0, z: 0}
  m_LocalScale: {x: 1, y: 1, z: 1}
  m_Children: []
  m_Father: {fileID: 1586748816}
  m_RootOrder: 7
  m_AnchorMin: {x: 0.5, y: 0.5}
  m_AnchorMax: {x: 0.5, y: 0.5}
  m_AnchoredPosition: {x: -652, y: -2049}
  m_SizeDelta: {x: 100, y: 100}
  m_Pivot: {x: 0.5, y: 0.5}
--- !u!1 &718396250
GameObject:
  m_ObjectHideFlags: 0
  m_PrefabParentObject: {fileID: 151490, guid: b03412592621c5045b7561e461f799b6, type: 2}
  m_PrefabInternal: {fileID: 0}
  serializedVersion: 4
  m_Component:
  - 224: {fileID: 718396251}
  m_Layer: 5
  m_Name: Tilipaikka1 (6)
  m_TagString: Untagged
  m_Icon: {fileID: 0}
  m_NavMeshLayer: 0
  m_StaticEditorFlags: 0
  m_IsActive: 1
--- !u!224 &718396251
RectTransform:
  m_ObjectHideFlags: 0
  m_PrefabParentObject: {fileID: 22412982, guid: b03412592621c5045b7561e461f799b6,
    type: 2}
  m_PrefabInternal: {fileID: 0}
  m_GameObject: {fileID: 718396250}
  m_LocalRotation: {x: 0, y: 0, z: 0, w: 1}
  m_LocalPosition: {x: 0, y: 0, z: 0}
  m_LocalScale: {x: 1, y: 1, z: 1}
  m_Children: []
  m_Father: {fileID: 1586748816}
  m_RootOrder: 4
  m_AnchorMin: {x: 0.5, y: 0.5}
  m_AnchorMax: {x: 0.5, y: 0.5}
  m_AnchoredPosition: {x: -191, y: -2047}
  m_SizeDelta: {x: 100, y: 100}
  m_Pivot: {x: 0.5, y: 0.5}
--- !u!1 &813329580
GameObject:
  m_ObjectHideFlags: 0
  m_PrefabParentObject: {fileID: 119968, guid: b03412592621c5045b7561e461f799b6, type: 2}
  m_PrefabInternal: {fileID: 0}
  serializedVersion: 4
  m_Component:
  - 224: {fileID: 813329581}
  - 222: {fileID: 813329583}
  - 114: {fileID: 813329582}
  m_Layer: 5
  m_Name: Text
  m_TagString: Untagged
  m_Icon: {fileID: 0}
  m_NavMeshLayer: 0
  m_StaticEditorFlags: 0
  m_IsActive: 1
--- !u!224 &813329581
RectTransform:
  m_ObjectHideFlags: 0
  m_PrefabParentObject: {fileID: 22495048, guid: b03412592621c5045b7561e461f799b6,
    type: 2}
  m_PrefabInternal: {fileID: 0}
  m_GameObject: {fileID: 813329580}
  m_LocalRotation: {x: 0, y: 0, z: 0, w: 1}
  m_LocalPosition: {x: 0, y: 0, z: 0}
  m_LocalScale: {x: 1, y: 1, z: 1}
  m_Children: []
  m_Father: {fileID: 2058472083}
  m_RootOrder: 0
  m_AnchorMin: {x: 0, y: 0}
  m_AnchorMax: {x: 1, y: 1}
  m_AnchoredPosition: {x: 0, y: 0}
  m_SizeDelta: {x: 0, y: 0}
  m_Pivot: {x: 0.5, y: 0.5}
--- !u!114 &813329582
MonoBehaviour:
  m_ObjectHideFlags: 0
  m_PrefabParentObject: {fileID: 11432470, guid: b03412592621c5045b7561e461f799b6,
    type: 2}
  m_PrefabInternal: {fileID: 0}
  m_GameObject: {fileID: 813329580}
  m_Enabled: 1
  m_EditorHideFlags: 0
  m_Script: {fileID: 708705254, guid: f5f67c52d1564df4a8936ccd202a3bd8, type: 3}
  m_Name: 
  m_EditorClassIdentifier: 
  m_Material: {fileID: 0}
  m_Color: {r: 1, g: 1, b: 1, a: 1}
  m_RaycastTarget: 1
  m_OnCullStateChanged:
    m_PersistentCalls:
      m_Calls: []
    m_TypeName: UnityEngine.UI.MaskableGraphic+CullStateChangedEvent, UnityEngine.UI,
      Version=1.0.0.0, Culture=neutral, PublicKeyToken=null
  m_FontData:
    m_Font: {fileID: 12800000, guid: a4620de66dddd304ab0721777d3cbaf6, type: 3}
    m_FontSize: 18
    m_FontStyle: 0
    m_BestFit: 0
    m_MinSize: 1
    m_MaxSize: 40
    m_Alignment: 4
    m_AlignByGeometry: 0
    m_RichText: 1
    m_HorizontalOverflow: 0
    m_VerticalOverflow: 0
    m_LineSpacing: 1
  m_Text: Tarkista kirjaukset
--- !u!222 &813329583
CanvasRenderer:
  m_ObjectHideFlags: 0
  m_PrefabParentObject: {fileID: 22206664, guid: b03412592621c5045b7561e461f799b6,
    type: 2}
  m_PrefabInternal: {fileID: 0}
  m_GameObject: {fileID: 813329580}
--- !u!1 &908195999
GameObject:
  m_ObjectHideFlags: 0
  m_PrefabParentObject: {fileID: 196540, guid: b03412592621c5045b7561e461f799b6, type: 2}
  m_PrefabInternal: {fileID: 0}
  serializedVersion: 4
  m_Component:
  - 224: {fileID: 908196000}
  - 222: {fileID: 908196002}
  - 114: {fileID: 908196001}
  m_Layer: 5
  m_Name: Text
  m_TagString: Untagged
  m_Icon: {fileID: 0}
  m_NavMeshLayer: 0
  m_StaticEditorFlags: 0
  m_IsActive: 1
--- !u!224 &908196000
RectTransform:
  m_ObjectHideFlags: 0
  m_PrefabParentObject: {fileID: 22438104, guid: b03412592621c5045b7561e461f799b6,
    type: 2}
  m_PrefabInternal: {fileID: 0}
  m_GameObject: {fileID: 908195999}
  m_LocalRotation: {x: 0, y: 0, z: 0, w: 1}
  m_LocalPosition: {x: 0, y: 0, z: 0}
  m_LocalScale: {x: 1, y: 1, z: 1}
  m_Children: []
  m_Father: {fileID: 1798208839}
  m_RootOrder: 0
  m_AnchorMin: {x: 0, y: 0}
  m_AnchorMax: {x: 1, y: 1}
  m_AnchoredPosition: {x: 0, y: 0}
  m_SizeDelta: {x: 0, y: 0}
  m_Pivot: {x: 0.5, y: 0.5}
--- !u!114 &908196001
MonoBehaviour:
  m_ObjectHideFlags: 0
  m_PrefabParentObject: {fileID: 11454672, guid: b03412592621c5045b7561e461f799b6,
    type: 2}
  m_PrefabInternal: {fileID: 0}
  m_GameObject: {fileID: 908195999}
  m_Enabled: 1
  m_EditorHideFlags: 0
  m_Script: {fileID: 708705254, guid: f5f67c52d1564df4a8936ccd202a3bd8, type: 3}
  m_Name: 
  m_EditorClassIdentifier: 
  m_Material: {fileID: 0}
  m_Color: {r: 1, g: 1, b: 1, a: 1}
  m_RaycastTarget: 1
  m_OnCullStateChanged:
    m_PersistentCalls:
      m_Calls: []
    m_TypeName: UnityEngine.UI.MaskableGraphic+CullStateChangedEvent, UnityEngine.UI,
      Version=1.0.0.0, Culture=neutral, PublicKeyToken=null
  m_FontData:
    m_Font: {fileID: 12800000, guid: a4620de66dddd304ab0721777d3cbaf6, type: 3}
    m_FontSize: 18
    m_FontStyle: 0
    m_BestFit: 0
    m_MinSize: 0
    m_MaxSize: 40
    m_Alignment: 4
    m_AlignByGeometry: 0
    m_RichText: 1
    m_HorizontalOverflow: 0
    m_VerticalOverflow: 0
    m_LineSpacing: 1
  m_Text: "Palaa p\xE4\xE4valikkoon"
--- !u!222 &908196002
CanvasRenderer:
  m_ObjectHideFlags: 0
  m_PrefabParentObject: {fileID: 22224540, guid: b03412592621c5045b7561e461f799b6,
    type: 2}
  m_PrefabInternal: {fileID: 0}
  m_GameObject: {fileID: 908195999}
--- !u!1 &1159673686
GameObject:
  m_ObjectHideFlags: 0
  m_PrefabParentObject: {fileID: 194872, guid: b03412592621c5045b7561e461f799b6, type: 2}
  m_PrefabInternal: {fileID: 0}
  serializedVersion: 4
  m_Component:
  - 224: {fileID: 1159673687}
  - 222: {fileID: 1159673690}
  - 114: {fileID: 1159673689}
  - 114: {fileID: 1159673688}
  m_Layer: 5
  m_Name: TehtavaKuvausTeksti
  m_TagString: Untagged
  m_Icon: {fileID: 0}
  m_NavMeshLayer: 0
  m_StaticEditorFlags: 0
  m_IsActive: 1
--- !u!224 &1159673687
RectTransform:
  m_ObjectHideFlags: 0
  m_PrefabParentObject: {fileID: 22462414, guid: b03412592621c5045b7561e461f799b6,
    type: 2}
  m_PrefabInternal: {fileID: 0}
  m_GameObject: {fileID: 1159673686}
  m_LocalRotation: {x: 0, y: 0, z: 0, w: 1}
  m_LocalPosition: {x: 0, y: 0, z: 0}
  m_LocalScale: {x: 1, y: 1, z: 1}
  m_Children: []
  m_Father: {fileID: 1184270527}
  m_RootOrder: 1
  m_AnchorMin: {x: 0.5, y: 0.5}
  m_AnchorMax: {x: 0.5, y: 0.5}
  m_AnchoredPosition: {x: -726, y: 15}
  m_SizeDelta: {x: 562.2, y: 195.6}
  m_Pivot: {x: 0.5, y: 0.5}
--- !u!114 &1159673688
MonoBehaviour:
  m_ObjectHideFlags: 0
  m_PrefabParentObject: {fileID: 11497372, guid: b03412592621c5045b7561e461f799b6,
    type: 2}
  m_PrefabInternal: {fileID: 0}
  m_GameObject: {fileID: 1159673686}
  m_Enabled: 1
  m_EditorHideFlags: 0
  m_Script: {fileID: -900027084, guid: f5f67c52d1564df4a8936ccd202a3bd8, type: 3}
  m_Name: 
  m_EditorClassIdentifier: 
  m_EffectColor: {r: 0, g: 0, b: 0, a: 1}
  m_EffectDistance: {x: 1, y: -1}
  m_UseGraphicAlpha: 0
--- !u!114 &1159673689
MonoBehaviour:
  m_ObjectHideFlags: 0
  m_PrefabParentObject: {fileID: 11416996, guid: b03412592621c5045b7561e461f799b6,
    type: 2}
  m_PrefabInternal: {fileID: 0}
  m_GameObject: {fileID: 1159673686}
  m_Enabled: 1
  m_EditorHideFlags: 0
  m_Script: {fileID: 708705254, guid: f5f67c52d1564df4a8936ccd202a3bd8, type: 3}
  m_Name: 
  m_EditorClassIdentifier: 
  m_Material: {fileID: 0}
  m_Color: {r: 0.105882354, g: 0.7764706, b: 0.33333334, a: 1}
  m_RaycastTarget: 0
  m_OnCullStateChanged:
    m_PersistentCalls:
      m_Calls: []
    m_TypeName: UnityEngine.UI.MaskableGraphic+CullStateChangedEvent, UnityEngine.UI,
      Version=1.0.0.0, Culture=neutral, PublicKeyToken=null
  m_FontData:
    m_Font: {fileID: 12800000, guid: a4620de66dddd304ab0721777d3cbaf6, type: 3}
    m_FontSize: 23
    m_FontStyle: 0
    m_BestFit: 0
    m_MinSize: 10
    m_MaxSize: 42
    m_Alignment: 0
    m_AlignByGeometry: 0
    m_RichText: 1
    m_HorizontalOverflow: 0
    m_VerticalOverflow: 1
    m_LineSpacing: 1
  m_Text: "t\xE4h\xE4n tulee toimeksianto"
--- !u!222 &1159673690
CanvasRenderer:
  m_ObjectHideFlags: 0
  m_PrefabParentObject: {fileID: 22227852, guid: b03412592621c5045b7561e461f799b6,
    type: 2}
  m_PrefabInternal: {fileID: 0}
  m_GameObject: {fileID: 1159673686}
--- !u!1 &1162949050
GameObject:
  m_ObjectHideFlags: 0
  m_PrefabParentObject: {fileID: 191354, guid: b03412592621c5045b7561e461f799b6, type: 2}
  m_PrefabInternal: {fileID: 0}
  serializedVersion: 4
  m_Component:
  - 224: {fileID: 1162949051}
  - 222: {fileID: 1162949053}
  - 114: {fileID: 1162949052}
  m_Layer: 5
  m_Name: Text
  m_TagString: Untagged
  m_Icon: {fileID: 0}
  m_NavMeshLayer: 0
  m_StaticEditorFlags: 0
  m_IsActive: 1
--- !u!224 &1162949051
RectTransform:
  m_ObjectHideFlags: 0
  m_PrefabParentObject: {fileID: 22431802, guid: b03412592621c5045b7561e461f799b6,
    type: 2}
  m_PrefabInternal: {fileID: 0}
  m_GameObject: {fileID: 1162949050}
  m_LocalRotation: {x: 0, y: 0, z: 0, w: 1}
  m_LocalPosition: {x: 0, y: 0, z: 0}
  m_LocalScale: {x: 1, y: 1, z: 1}
  m_Children: []
  m_Father: {fileID: 475541837}
  m_RootOrder: 0
  m_AnchorMin: {x: 0, y: 0}
  m_AnchorMax: {x: 1, y: 1}
  m_AnchoredPosition: {x: 0, y: 0}
  m_SizeDelta: {x: 0, y: 0}
  m_Pivot: {x: 0.5, y: 0.5}
--- !u!114 &1162949052
MonoBehaviour:
  m_ObjectHideFlags: 0
  m_PrefabParentObject: {fileID: 11483892, guid: b03412592621c5045b7561e461f799b6,
    type: 2}
  m_PrefabInternal: {fileID: 0}
  m_GameObject: {fileID: 1162949050}
  m_Enabled: 1
  m_EditorHideFlags: 0
  m_Script: {fileID: 708705254, guid: f5f67c52d1564df4a8936ccd202a3bd8, type: 3}
  m_Name: 
  m_EditorClassIdentifier: 
  m_Material: {fileID: 0}
  m_Color: {r: 1, g: 1, b: 1, a: 1}
  m_RaycastTarget: 1
  m_OnCullStateChanged:
    m_PersistentCalls:
      m_Calls: []
    m_TypeName: UnityEngine.UI.MaskableGraphic+CullStateChangedEvent, UnityEngine.UI,
      Version=1.0.0.0, Culture=neutral, PublicKeyToken=null
  m_FontData:
    m_Font: {fileID: 12800000, guid: a4620de66dddd304ab0721777d3cbaf6, type: 3}
    m_FontSize: 18
    m_FontStyle: 0
    m_BestFit: 0
    m_MinSize: 0
    m_MaxSize: 40
    m_Alignment: 4
    m_AlignByGeometry: 0
    m_RichText: 1
    m_HorizontalOverflow: 0
    m_VerticalOverflow: 0
    m_LineSpacing: 1
  m_Text: "Peru merkinn\xE4t"
--- !u!222 &1162949053
CanvasRenderer:
  m_ObjectHideFlags: 0
  m_PrefabParentObject: {fileID: 22279252, guid: b03412592621c5045b7561e461f799b6,
    type: 2}
  m_PrefabInternal: {fileID: 0}
  m_GameObject: {fileID: 1162949050}
--- !u!1001 &1165998203
Prefab:
  m_ObjectHideFlags: 0
  serializedVersion: 2
  m_Modification:
    m_TransformParent: {fileID: 0}
    m_Modifications:
    - target: {fileID: 22463178, guid: 3d3e22ad2f4d5184c90099d0728e1cfd, type: 2}
      propertyPath: m_LocalPosition.x
      value: 0
      objectReference: {fileID: 0}
    - target: {fileID: 22463178, guid: 3d3e22ad2f4d5184c90099d0728e1cfd, type: 2}
      propertyPath: m_LocalPosition.y
      value: 0
      objectReference: {fileID: 0}
    - target: {fileID: 22463178, guid: 3d3e22ad2f4d5184c90099d0728e1cfd, type: 2}
      propertyPath: m_LocalPosition.z
      value: 0
      objectReference: {fileID: 0}
    - target: {fileID: 22463178, guid: 3d3e22ad2f4d5184c90099d0728e1cfd, type: 2}
      propertyPath: m_LocalRotation.x
      value: 0
      objectReference: {fileID: 0}
    - target: {fileID: 22463178, guid: 3d3e22ad2f4d5184c90099d0728e1cfd, type: 2}
      propertyPath: m_LocalRotation.y
      value: 0
      objectReference: {fileID: 0}
    - target: {fileID: 22463178, guid: 3d3e22ad2f4d5184c90099d0728e1cfd, type: 2}
      propertyPath: m_LocalRotation.z
      value: 0
      objectReference: {fileID: 0}
    - target: {fileID: 22463178, guid: 3d3e22ad2f4d5184c90099d0728e1cfd, type: 2}
      propertyPath: m_LocalRotation.w
      value: 1
      objectReference: {fileID: 0}
    - target: {fileID: 22463178, guid: 3d3e22ad2f4d5184c90099d0728e1cfd, type: 2}
      propertyPath: m_RootOrder
      value: 3
      objectReference: {fileID: 0}
    - target: {fileID: 22463178, guid: 3d3e22ad2f4d5184c90099d0728e1cfd, type: 2}
      propertyPath: m_AnchoredPosition.x
      value: 0
      objectReference: {fileID: 0}
    - target: {fileID: 22463178, guid: 3d3e22ad2f4d5184c90099d0728e1cfd, type: 2}
      propertyPath: m_AnchoredPosition.y
      value: 0
      objectReference: {fileID: 0}
    - target: {fileID: 22463178, guid: 3d3e22ad2f4d5184c90099d0728e1cfd, type: 2}
      propertyPath: m_SizeDelta.x
      value: 0
      objectReference: {fileID: 0}
    - target: {fileID: 22463178, guid: 3d3e22ad2f4d5184c90099d0728e1cfd, type: 2}
      propertyPath: m_SizeDelta.y
      value: 0
      objectReference: {fileID: 0}
    - target: {fileID: 22463178, guid: 3d3e22ad2f4d5184c90099d0728e1cfd, type: 2}
      propertyPath: m_AnchorMin.x
      value: 0
      objectReference: {fileID: 0}
    - target: {fileID: 22463178, guid: 3d3e22ad2f4d5184c90099d0728e1cfd, type: 2}
      propertyPath: m_AnchorMin.y
      value: 0
      objectReference: {fileID: 0}
    - target: {fileID: 22463178, guid: 3d3e22ad2f4d5184c90099d0728e1cfd, type: 2}
      propertyPath: m_AnchorMax.x
      value: 0
      objectReference: {fileID: 0}
    - target: {fileID: 22463178, guid: 3d3e22ad2f4d5184c90099d0728e1cfd, type: 2}
      propertyPath: m_AnchorMax.y
      value: 0
      objectReference: {fileID: 0}
    - target: {fileID: 22463178, guid: 3d3e22ad2f4d5184c90099d0728e1cfd, type: 2}
      propertyPath: m_Pivot.x
      value: 0
      objectReference: {fileID: 0}
    - target: {fileID: 22463178, guid: 3d3e22ad2f4d5184c90099d0728e1cfd, type: 2}
      propertyPath: m_Pivot.y
      value: 0
      objectReference: {fileID: 0}
    - target: {fileID: 118194, guid: 3d3e22ad2f4d5184c90099d0728e1cfd, type: 2}
      propertyPath: m_IsActive
      value: 0
      objectReference: {fileID: 0}
    - target: {fileID: 11432946, guid: 3d3e22ad2f4d5184c90099d0728e1cfd, type: 2}
      propertyPath: m_OnClick.m_PersistentCalls.m_Calls.Array.data[0].m_Target
      value: 
      objectReference: {fileID: 1586748812}
    - target: {fileID: 11432946, guid: 3d3e22ad2f4d5184c90099d0728e1cfd, type: 2}
      propertyPath: m_OnClick.m_PersistentCalls.m_Calls.Array.data[0].m_MethodName
      value: MeneSeuraavaanKenttaan
      objectReference: {fileID: 0}
    - target: {fileID: 11475860, guid: 3d3e22ad2f4d5184c90099d0728e1cfd, type: 2}
      propertyPath: m_OnClick.m_PersistentCalls.m_Calls.Array.data[0].m_Target
      value: 
      objectReference: {fileID: 1586748812}
    - target: {fileID: 11475860, guid: 3d3e22ad2f4d5184c90099d0728e1cfd, type: 2}
      propertyPath: m_OnClick.m_PersistentCalls.m_Calls.Array.data[0].m_MethodName
      value: PalaaPaaValikkoon
      objectReference: {fileID: 0}
    m_RemovedComponents: []
  m_ParentPrefab: {fileID: 100100000, guid: 3d3e22ad2f4d5184c90099d0728e1cfd, type: 2}
  m_IsPrefabParent: 0
--- !u!1 &1165998204 stripped
GameObject:
  m_PrefabParentObject: {fileID: 118194, guid: 3d3e22ad2f4d5184c90099d0728e1cfd, type: 2}
  m_PrefabInternal: {fileID: 1165998203}
--- !u!1 &1184270526
GameObject:
  m_ObjectHideFlags: 0
  m_PrefabParentObject: {fileID: 145532, guid: b03412592621c5045b7561e461f799b6, type: 2}
  m_PrefabInternal: {fileID: 0}
  serializedVersion: 4
  m_Component:
  - 224: {fileID: 1184270527}
  - 222: {fileID: 1184270528}
  m_Layer: 0
  m_Name: UserInterface
  m_TagString: Untagged
  m_Icon: {fileID: 0}
  m_NavMeshLayer: 0
  m_StaticEditorFlags: 0
  m_IsActive: 1
--- !u!224 &1184270527
RectTransform:
  m_ObjectHideFlags: 0
  m_PrefabParentObject: {fileID: 22442058, guid: b03412592621c5045b7561e461f799b6,
    type: 2}
  m_PrefabInternal: {fileID: 0}
  m_GameObject: {fileID: 1184270526}
  m_LocalRotation: {x: 0, y: 0, z: 0, w: 1}
  m_LocalPosition: {x: 0, y: 0, z: 0}
  m_LocalScale: {x: 0.85, y: 0.85, z: 0.85}
  m_Children:
  - {fileID: 1564714751}
  - {fileID: 1159673687}
  - {fileID: 148009860}
  - {fileID: 1798208839}
  - {fileID: 2058472083}
  - {fileID: 475541837}
  - {fileID: 126460177}
  - {fileID: 2093206866}
  m_Father: {fileID: 1586748816}
  m_RootOrder: 8
  m_AnchorMin: {x: 0.5, y: 1}
  m_AnchorMax: {x: 0.5, y: 1}
  m_AnchoredPosition: {x: 0, y: -167}
  m_SizeDelta: {x: 10, y: 10}
  m_Pivot: {x: 0.5, y: 1}
--- !u!222 &1184270528
CanvasRenderer:
  m_ObjectHideFlags: 0
  m_PrefabParentObject: {fileID: 22219698, guid: b03412592621c5045b7561e461f799b6,
    type: 2}
  m_PrefabInternal: {fileID: 0}
  m_GameObject: {fileID: 1184270526}
--- !u!1 &1347389499
GameObject:
  m_ObjectHideFlags: 0
  m_PrefabParentObject: {fileID: 122216, guid: b03412592621c5045b7561e461f799b6, type: 2}
  m_PrefabInternal: {fileID: 0}
  serializedVersion: 4
  m_Component:
  - 224: {fileID: 1347389500}
  - 222: {fileID: 1347389502}
  - 114: {fileID: 1347389501}
  m_Layer: 5
  m_Name: OikeinNappi
  m_TagString: Untagged
  m_Icon: {fileID: 0}
  m_NavMeshLayer: 0
  m_StaticEditorFlags: 0
  m_IsActive: 1
--- !u!224 &1347389500
RectTransform:
  m_ObjectHideFlags: 0
  m_PrefabParentObject: {fileID: 22402696, guid: b03412592621c5045b7561e461f799b6,
    type: 2}
  m_PrefabInternal: {fileID: 0}
  m_GameObject: {fileID: 1347389499}
  m_LocalRotation: {x: 0, y: 0, z: 0, w: 1}
  m_LocalPosition: {x: 0, y: 0, z: 0}
  m_LocalScale: {x: 0.5, y: 0.5, z: 1}
  m_Children: []
  m_Father: {fileID: 126460177}
  m_RootOrder: 0
  m_AnchorMin: {x: 0.5, y: 0.5}
  m_AnchorMax: {x: 0.5, y: 0.5}
  m_AnchoredPosition: {x: 165.1, y: 2}
  m_SizeDelta: {x: 100, y: 100}
  m_Pivot: {x: 0.5, y: 0.5}
--- !u!114 &1347389501
MonoBehaviour:
  m_ObjectHideFlags: 0
  m_PrefabParentObject: {fileID: 11490358, guid: b03412592621c5045b7561e461f799b6,
    type: 2}
  m_PrefabInternal: {fileID: 0}
  m_GameObject: {fileID: 1347389499}
  m_Enabled: 1
  m_EditorHideFlags: 0
  m_Script: {fileID: -765806418, guid: f5f67c52d1564df4a8936ccd202a3bd8, type: 3}
  m_Name: 
  m_EditorClassIdentifier: 
  m_Material: {fileID: 0}
  m_Color: {r: 1, g: 1, b: 1, a: 1}
  m_RaycastTarget: 1
  m_OnCullStateChanged:
    m_PersistentCalls:
      m_Calls: []
    m_TypeName: UnityEngine.UI.MaskableGraphic+CullStateChangedEvent, UnityEngine.UI,
      Version=1.0.0.0, Culture=neutral, PublicKeyToken=null
  m_Sprite: {fileID: 21300000, guid: 75a7e9736a7e7014997c8fbd82b50ce5, type: 3}
  m_Type: 0
  m_PreserveAspect: 0
  m_FillCenter: 1
  m_FillMethod: 4
  m_FillAmount: 1
  m_FillClockwise: 1
  m_FillOrigin: 0
--- !u!222 &1347389502
CanvasRenderer:
  m_ObjectHideFlags: 0
  m_PrefabParentObject: {fileID: 22242060, guid: b03412592621c5045b7561e461f799b6,
    type: 2}
  m_PrefabInternal: {fileID: 0}
  m_GameObject: {fileID: 1347389499}
--- !u!1001 &1348544097
Prefab:
  m_ObjectHideFlags: 0
  serializedVersion: 2
  m_Modification:
    m_TransformParent: {fileID: 0}
    m_Modifications:
    - target: {fileID: 11489090, guid: 8e59d11ca4269a34c8b1572e81456256, type: 2}
      propertyPath: tilienPaikatCanvaksellaJosTilitKiinteina.Array.size
      value: 4
      objectReference: {fileID: 0}
    - target: {fileID: 475288, guid: 8e59d11ca4269a34c8b1572e81456256, type: 2}
      propertyPath: m_LocalPosition.x
      value: 0
      objectReference: {fileID: 0}
    - target: {fileID: 475288, guid: 8e59d11ca4269a34c8b1572e81456256, type: 2}
      propertyPath: m_LocalPosition.y
      value: 0
      objectReference: {fileID: 0}
    - target: {fileID: 475288, guid: 8e59d11ca4269a34c8b1572e81456256, type: 2}
      propertyPath: m_LocalPosition.z
      value: -10
      objectReference: {fileID: 0}
    - target: {fileID: 475288, guid: 8e59d11ca4269a34c8b1572e81456256, type: 2}
      propertyPath: m_LocalRotation.x
      value: 0
      objectReference: {fileID: 0}
    - target: {fileID: 475288, guid: 8e59d11ca4269a34c8b1572e81456256, type: 2}
      propertyPath: m_LocalRotation.y
      value: 0
      objectReference: {fileID: 0}
    - target: {fileID: 475288, guid: 8e59d11ca4269a34c8b1572e81456256, type: 2}
      propertyPath: m_LocalRotation.z
      value: 0
      objectReference: {fileID: 0}
    - target: {fileID: 475288, guid: 8e59d11ca4269a34c8b1572e81456256, type: 2}
      propertyPath: m_LocalRotation.w
      value: 1
      objectReference: {fileID: 0}
    - target: {fileID: 475288, guid: 8e59d11ca4269a34c8b1572e81456256, type: 2}
      propertyPath: m_RootOrder
      value: 2
      objectReference: {fileID: 0}
    - target: {fileID: 11489090, guid: 8e59d11ca4269a34c8b1572e81456256, type: 2}
      propertyPath: tilienSpawnObjectJosDropDown
      value: 
      objectReference: {fileID: 0}
    - target: {fileID: 11489090, guid: 8e59d11ca4269a34c8b1572e81456256, type: 2}
      propertyPath: canvas
      value: 
      objectReference: {fileID: 1586748805}
    - target: {fileID: 11489090, guid: 8e59d11ca4269a34c8b1572e81456256, type: 2}
      propertyPath: kuinkaTilitNaytetaan
      value: 0
      objectReference: {fileID: 0}
    - target: {fileID: 11489090, guid: 8e59d11ca4269a34c8b1572e81456256, type: 2}
      propertyPath: tilejaYht
      value: 4
      objectReference: {fileID: 0}
    - target: {fileID: 11489090, guid: 8e59d11ca4269a34c8b1572e81456256, type: 2}
      propertyPath: liiketapahtumiaKpl
      value: 10
      objectReference: {fileID: 0}
    - target: {fileID: 11489090, guid: 8e59d11ca4269a34c8b1572e81456256, type: 2}
      propertyPath: luoRandomistiPaaomaTileja
      value: 0
      objectReference: {fileID: 0}
    - target: {fileID: 11489090, guid: 8e59d11ca4269a34c8b1572e81456256, type: 2}
      propertyPath: vaikeustaso
      value: 1
      objectReference: {fileID: 0}
    - target: {fileID: 11489090, guid: 8e59d11ca4269a34c8b1572e81456256, type: 2}
      propertyPath: tiliPrefab
      value: 
      objectReference: {fileID: 189196, guid: 505edd061b17d3a478b6125dd2ea98f3, type: 2}
    - target: {fileID: 11489090, guid: 8e59d11ca4269a34c8b1572e81456256, type: 2}
      propertyPath: pisteKerroin
      value: 1.3
      objectReference: {fileID: 0}
    - target: {fileID: 11489090, guid: 8e59d11ca4269a34c8b1572e81456256, type: 2}
      propertyPath: pisteetOikeastaVastauksesta
      value: 100
      objectReference: {fileID: 0}
    - target: {fileID: 11489090, guid: 8e59d11ca4269a34c8b1572e81456256, type: 2}
      propertyPath: kirjauksienYhteisArvo
      value: 15000
      objectReference: {fileID: 0}
    - target: {fileID: 11489090, guid: 8e59d11ca4269a34c8b1572e81456256, type: 2}
      propertyPath: luoVahYksMenoTili
      value: 1
      objectReference: {fileID: 0}
    - target: {fileID: 11489090, guid: 8e59d11ca4269a34c8b1572e81456256, type: 2}
      propertyPath: luoVahYksTuloTili
      value: 1
      objectReference: {fileID: 0}
    - target: {fileID: 11489090, guid: 8e59d11ca4269a34c8b1572e81456256, type: 2}
      propertyPath: luoVahYksRahaTili
      value: 1
      objectReference: {fileID: 0}
    - target: {fileID: 11489090, guid: 8e59d11ca4269a34c8b1572e81456256, type: 2}
      propertyPath: luoVahYksPaaomaTili
      value: 1
      objectReference: {fileID: 0}
    - target: {fileID: 11489090, guid: 8e59d11ca4269a34c8b1572e81456256, type: 2}
      propertyPath: luoRandomistiTuloTileja
      value: 0
      objectReference: {fileID: 0}
    - target: {fileID: 11489090, guid: 8e59d11ca4269a34c8b1572e81456256, type: 2}
      propertyPath: tilienPaikatCanvaksellaJosTilitKiinteina.Array.data[0]
      value: 
      objectReference: {fileID: 1586748809}
    - target: {fileID: 11489090, guid: 8e59d11ca4269a34c8b1572e81456256, type: 2}
      propertyPath: tilienPaikatCanvaksellaJosTilitKiinteina.Array.data[1]
      value: 
      objectReference: {fileID: 1586748808}
    - target: {fileID: 11489090, guid: 8e59d11ca4269a34c8b1572e81456256, type: 2}
      propertyPath: tilienPaikatCanvaksellaJosTilitKiinteina.Array.data[2]
      value: 
      objectReference: {fileID: 1586748807}
    - target: {fileID: 11489090, guid: 8e59d11ca4269a34c8b1572e81456256, type: 2}
      propertyPath: tilienPaikatCanvaksellaJosTilitKiinteina.Array.data[3]
      value: 
      objectReference: {fileID: 1586748806}
    m_RemovedComponents: []
  m_ParentPrefab: {fileID: 100100000, guid: 8e59d11ca4269a34c8b1572e81456256, type: 2}
  m_IsPrefabParent: 0
--- !u!1 &1483766674
GameObject:
  m_ObjectHideFlags: 0
  m_PrefabParentObject: {fileID: 152134, guid: b03412592621c5045b7561e461f799b6, type: 2}
  m_PrefabInternal: {fileID: 0}
  serializedVersion: 4
  m_Component:
  - 224: {fileID: 1483766675}
  m_Layer: 5
  m_Name: Tilipaikka1 (3)
  m_TagString: Untagged
  m_Icon: {fileID: 0}
  m_NavMeshLayer: 0
  m_StaticEditorFlags: 0
  m_IsActive: 1
--- !u!224 &1483766675
RectTransform:
  m_ObjectHideFlags: 0
  m_PrefabParentObject: {fileID: 22491332, guid: b03412592621c5045b7561e461f799b6,
    type: 2}
  m_PrefabInternal: {fileID: 0}
  m_GameObject: {fileID: 1483766674}
  m_LocalRotation: {x: 0, y: 0, z: 0, w: 1}
  m_LocalPosition: {x: 0, y: 0, z: 0}
  m_LocalScale: {x: 1, y: 1, z: 1}
  m_Children: []
  m_Father: {fileID: 1586748816}
  m_RootOrder: 5
  m_AnchorMin: {x: 0.5, y: 0.5}
  m_AnchorMax: {x: 0.5, y: 0.5}
  m_AnchoredPosition: {x: 649, y: -1619}
  m_SizeDelta: {x: 100, y: 100}
  m_Pivot: {x: 0.5, y: 0.5}
--- !u!1 &1564714750
GameObject:
  m_ObjectHideFlags: 0
  m_PrefabParentObject: {fileID: 126264, guid: b03412592621c5045b7561e461f799b6, type: 2}
  m_PrefabInternal: {fileID: 0}
  serializedVersion: 4
  m_Component:
  - 224: {fileID: 1564714751}
  - 222: {fileID: 1564714753}
  - 114: {fileID: 1564714752}
  m_Layer: 0
  m_Name: UITausta
  m_TagString: Untagged
  m_Icon: {fileID: 0}
  m_NavMeshLayer: 0
  m_StaticEditorFlags: 0
  m_IsActive: 1
--- !u!224 &1564714751
RectTransform:
  m_ObjectHideFlags: 0
  m_PrefabParentObject: {fileID: 22421348, guid: b03412592621c5045b7561e461f799b6,
    type: 2}
  m_PrefabInternal: {fileID: 0}
  m_GameObject: {fileID: 1564714750}
  m_LocalRotation: {x: 0, y: 0, z: 0, w: 1}
  m_LocalPosition: {x: 0, y: 0, z: 0}
  m_LocalScale: {x: 21.237545, y: 2.3175964, z: 2.0152922}
  m_Children: []
  m_Father: {fileID: 1184270527}
  m_RootOrder: 0
  m_AnchorMin: {x: 0.5, y: 0.5}
  m_AnchorMax: {x: 0.5, y: 0.5}
  m_AnchoredPosition: {x: 0, y: 16}
  m_SizeDelta: {x: 100, y: 100}
  m_Pivot: {x: 0.5, y: 0.5}
--- !u!114 &1564714752
MonoBehaviour:
  m_ObjectHideFlags: 0
  m_PrefabParentObject: {fileID: 11497108, guid: b03412592621c5045b7561e461f799b6,
    type: 2}
  m_PrefabInternal: {fileID: 0}
  m_GameObject: {fileID: 1564714750}
  m_Enabled: 1
  m_EditorHideFlags: 0
  m_Script: {fileID: -765806418, guid: f5f67c52d1564df4a8936ccd202a3bd8, type: 3}
  m_Name: 
  m_EditorClassIdentifier: 
  m_Material: {fileID: 0}
  m_Color: {r: 0.15392517, g: 0.53676474, b: 0.31498307, a: 0.663}
  m_RaycastTarget: 1
  m_OnCullStateChanged:
    m_PersistentCalls:
      m_Calls: []
    m_TypeName: UnityEngine.UI.MaskableGraphic+CullStateChangedEvent, UnityEngine.UI,
      Version=1.0.0.0, Culture=neutral, PublicKeyToken=null
  m_Sprite: {fileID: 10907, guid: 0000000000000000f000000000000000, type: 0}
  m_Type: 1
  m_PreserveAspect: 0
  m_FillCenter: 1
  m_FillMethod: 2
  m_FillAmount: 0.984
  m_FillClockwise: 1
  m_FillOrigin: 3
--- !u!222 &1564714753
CanvasRenderer:
  m_ObjectHideFlags: 0
  m_PrefabParentObject: {fileID: 22283716, guid: b03412592621c5045b7561e461f799b6,
    type: 2}
  m_PrefabInternal: {fileID: 0}
  m_GameObject: {fileID: 1564714750}
--- !u!1 &1586748805
GameObject:
  m_ObjectHideFlags: 0
  m_PrefabParentObject: {fileID: 191902, guid: b03412592621c5045b7561e461f799b6, type: 2}
  m_PrefabInternal: {fileID: 0}
  serializedVersion: 4
  m_Component:
  - 224: {fileID: 1586748816}
  - 223: {fileID: 1586748815}
  - 114: {fileID: 1586748814}
  - 114: {fileID: 1586748813}
  - 114: {fileID: 1586748812}
  - 222: {fileID: 1586748811}
  - 114: {fileID: 1586748810}
  m_Layer: 5
  m_Name: KiinteatTilitCanvas
  m_TagString: Canvas
  m_Icon: {fileID: 0}
  m_NavMeshLayer: 0
  m_StaticEditorFlags: 0
  m_IsActive: 1
--- !u!1 &1586748806
GameObject:
  m_ObjectHideFlags: 0
  m_PrefabParentObject: {fileID: 160910, guid: b03412592621c5045b7561e461f799b6, type: 2}
  m_PrefabInternal: {fileID: 0}
  serializedVersion: 4
  m_Component:
  - 224: {fileID: 1586748817}
  m_Layer: 5
  m_Name: Tilipaikka1 (4)
  m_TagString: Untagged
  m_Icon: {fileID: 0}
  m_NavMeshLayer: 0
  m_StaticEditorFlags: 0
  m_IsActive: 1
--- !u!1 &1586748807
GameObject:
  m_ObjectHideFlags: 0
  m_PrefabParentObject: {fileID: 111878, guid: b03412592621c5045b7561e461f799b6, type: 2}
  m_PrefabInternal: {fileID: 0}
  serializedVersion: 4
  m_Component:
  - 224: {fileID: 1586748818}
  m_Layer: 5
  m_Name: Tilipaikka1
  m_TagString: Untagged
  m_Icon: {fileID: 0}
  m_NavMeshLayer: 0
  m_StaticEditorFlags: 0
  m_IsActive: 1
--- !u!1 &1586748808
GameObject:
  m_ObjectHideFlags: 0
  m_PrefabParentObject: {fileID: 196598, guid: b03412592621c5045b7561e461f799b6, type: 2}
  m_PrefabInternal: {fileID: 0}
  serializedVersion: 4
  m_Component:
  - 224: {fileID: 1586748819}
  m_Layer: 5
  m_Name: Tilipaikka1 (1)
  m_TagString: Untagged
  m_Icon: {fileID: 0}
  m_NavMeshLayer: 0
  m_StaticEditorFlags: 0
  m_IsActive: 1
--- !u!1 &1586748809
GameObject:
  m_ObjectHideFlags: 0
  m_PrefabParentObject: {fileID: 118308, guid: b03412592621c5045b7561e461f799b6, type: 2}
  m_PrefabInternal: {fileID: 0}
  serializedVersion: 4
  m_Component:
  - 224: {fileID: 1586748820}
  m_Layer: 5
  m_Name: Tilipaikka1 (2)
  m_TagString: Untagged
  m_Icon: {fileID: 0}
  m_NavMeshLayer: 0
  m_StaticEditorFlags: 0
  m_IsActive: 1
--- !u!114 &1586748810
MonoBehaviour:
  m_ObjectHideFlags: 0
  m_PrefabParentObject: {fileID: 11422072, guid: b03412592621c5045b7561e461f799b6,
    type: 2}
  m_PrefabInternal: {fileID: 0}
  m_GameObject: {fileID: 1586748805}
  m_Enabled: 1
  m_EditorHideFlags: 0
  m_Script: {fileID: -765806418, guid: f5f67c52d1564df4a8936ccd202a3bd8, type: 3}
  m_Name: 
  m_EditorClassIdentifier: 
  m_Material: {fileID: 0}
  m_Color: {r: 1, g: 1, b: 1, a: 1}
  m_RaycastTarget: 1
  m_OnCullStateChanged:
    m_PersistentCalls:
      m_Calls: []
    m_TypeName: UnityEngine.UI.MaskableGraphic+CullStateChangedEvent, UnityEngine.UI,
      Version=1.0.0.0, Culture=neutral, PublicKeyToken=null
  m_Sprite: {fileID: 21300000, guid: 008b7c796f3b48248818e032512c2e27, type: 3}
  m_Type: 0
  m_PreserveAspect: 0
  m_FillCenter: 1
  m_FillMethod: 4
  m_FillAmount: 1
  m_FillClockwise: 1
  m_FillOrigin: 0
--- !u!222 &1586748811
CanvasRenderer:
  m_ObjectHideFlags: 0
  m_PrefabParentObject: {fileID: 22261690, guid: b03412592621c5045b7561e461f799b6,
    type: 2}
  m_PrefabInternal: {fileID: 0}
  m_GameObject: {fileID: 1586748805}
--- !u!114 &1586748812
MonoBehaviour:
  m_ObjectHideFlags: 0
  m_PrefabParentObject: {fileID: 11477912, guid: b03412592621c5045b7561e461f799b6,
    type: 2}
  m_PrefabInternal: {fileID: 0}
  m_GameObject: {fileID: 1586748805}
  m_Enabled: 1
  m_EditorHideFlags: 0
  m_Script: {fileID: 11500000, guid: 39d43a7963438f3459b44876c3b508aa, type: 3}
  m_Name: 
  m_EditorClassIdentifier: 
  infoTeksti: {fileID: 126460178}
  kuvausTeksti: {fileID: 1159673689}
  tapahtumienMaaraText: {fileID: 2093206867}
  vaiheitaYht: 0
  kirjauksiaTehtyTapahtumaan: 0
  VoittoCanvas: {fileID: 1165998204}
  tarkistaKirjauksetNappi: {fileID: 2058472084}
  tyhjennaKierroksenKirjauksetNappi: {fileID: 475541838}
  oikeinKuva: {fileID: 1347389499}
  vaarinKuva: {fileID: 2056546452}
--- !u!114 &1586748813
MonoBehaviour:
  m_ObjectHideFlags: 0
  m_PrefabParentObject: {fileID: 11496406, guid: b03412592621c5045b7561e461f799b6,
    type: 2}
  m_PrefabInternal: {fileID: 0}
  m_GameObject: {fileID: 1586748805}
  m_Enabled: 1
  m_EditorHideFlags: 0
  m_Script: {fileID: 1301386320, guid: f5f67c52d1564df4a8936ccd202a3bd8, type: 3}
  m_Name: 
  m_EditorClassIdentifier: 
  m_IgnoreReversedGraphics: 1
  m_BlockingObjects: 0
  m_BlockingMask:
    serializedVersion: 2
    m_Bits: 4294967295
--- !u!114 &1586748814
MonoBehaviour:
  m_ObjectHideFlags: 0
  m_PrefabParentObject: {fileID: 11499576, guid: b03412592621c5045b7561e461f799b6,
    type: 2}
  m_PrefabInternal: {fileID: 0}
  m_GameObject: {fileID: 1586748805}
  m_Enabled: 1
  m_EditorHideFlags: 0
  m_Script: {fileID: 1980459831, guid: f5f67c52d1564df4a8936ccd202a3bd8, type: 3}
  m_Name: 
  m_EditorClassIdentifier: 
  m_UiScaleMode: 1
  m_ReferencePixelsPerUnit: 100
  m_ScaleFactor: 1
  m_ReferenceResolution: {x: 1920, y: 1080}
  m_ScreenMatchMode: 0
  m_MatchWidthOrHeight: 0.5
  m_PhysicalUnit: 3
  m_FallbackScreenDPI: 96
  m_DefaultSpriteDPI: 96
  m_DynamicPixelsPerUnit: 1
--- !u!223 &1586748815
Canvas:
  m_ObjectHideFlags: 0
  m_PrefabParentObject: {fileID: 22317350, guid: b03412592621c5045b7561e461f799b6,
    type: 2}
  m_PrefabInternal: {fileID: 0}
  m_GameObject: {fileID: 1586748805}
  m_Enabled: 1
  serializedVersion: 2
  m_RenderMode: 0
  m_Camera: {fileID: 0}
  m_PlaneDistance: 100
  m_PixelPerfect: 1
  m_ReceivesEvents: 1
  m_OverrideSorting: 0
  m_OverridePixelPerfect: 0
  m_SortingBucketNormalizedSize: 0
  m_SortingLayerID: 0
  m_SortingOrder: 0
  m_TargetDisplay: 0
--- !u!224 &1586748816
RectTransform:
  m_ObjectHideFlags: 0
  m_PrefabParentObject: {fileID: 22430342, guid: b03412592621c5045b7561e461f799b6,
    type: 2}
  m_PrefabInternal: {fileID: 0}
  m_GameObject: {fileID: 1586748805}
  m_LocalRotation: {x: 0, y: 0, z: 0, w: 1}
  m_LocalPosition: {x: 0, y: 0, z: 0}
  m_LocalScale: {x: 0, y: 0, z: 0}
  m_Children:
  - {fileID: 1586748820}
  - {fileID: 1586748819}
  - {fileID: 1586748818}
  - {fileID: 1586748817}
  - {fileID: 718396251}
  - {fileID: 1483766675}
  - {fileID: 407132723}
  - {fileID: 618495097}
  - {fileID: 1184270527}
  m_Father: {fileID: 0}
  m_RootOrder: 1
  m_AnchorMin: {x: 0, y: 0}
  m_AnchorMax: {x: 0, y: 0}
  m_AnchoredPosition: {x: 0, y: 0}
  m_SizeDelta: {x: 0, y: 0}
  m_Pivot: {x: 0, y: 0}
--- !u!224 &1586748817
RectTransform:
  m_ObjectHideFlags: 0
  m_PrefabParentObject: {fileID: 22463846, guid: b03412592621c5045b7561e461f799b6,
    type: 2}
  m_PrefabInternal: {fileID: 0}
  m_GameObject: {fileID: 1586748806}
  m_LocalRotation: {x: 0, y: 0, z: 0, w: 1}
  m_LocalPosition: {x: 0, y: 0, z: 0}
  m_LocalScale: {x: 1, y: 1, z: 1}
  m_Children: []
  m_Father: {fileID: 1586748816}
  m_RootOrder: 3
  m_AnchorMin: {x: 0.5, y: 0.5}
  m_AnchorMax: {x: 0.5, y: 0.5}
  m_AnchoredPosition: {x: 747, y: -132}
  m_SizeDelta: {x: 100, y: 100}
  m_Pivot: {x: 0.5, y: 0.5}
--- !u!224 &1586748818
RectTransform:
  m_ObjectHideFlags: 0
  m_PrefabParentObject: {fileID: 22445686, guid: b03412592621c5045b7561e461f799b6,
    type: 2}
  m_PrefabInternal: {fileID: 0}
  m_GameObject: {fileID: 1586748807}
  m_LocalRotation: {x: 0, y: 0, z: 0, w: 1}
  m_LocalPosition: {x: 0, y: 0, z: 0}
  m_LocalScale: {x: 1, y: 1, z: 1}
  m_Children: []
  m_Father: {fileID: 1586748816}
  m_RootOrder: 2
  m_AnchorMin: {x: 0.5, y: 0.5}
  m_AnchorMax: {x: 0.5, y: 0.5}
  m_AnchoredPosition: {x: 247, y: -132}
  m_SizeDelta: {x: 100, y: 100}
  m_Pivot: {x: 0.5, y: 0.5}
--- !u!224 &1586748819
RectTransform:
  m_ObjectHideFlags: 0
  m_PrefabParentObject: {fileID: 22460694, guid: b03412592621c5045b7561e461f799b6,
    type: 2}
  m_PrefabInternal: {fileID: 0}
  m_GameObject: {fileID: 1586748808}
  m_LocalRotation: {x: 0, y: 0, z: 0, w: 1}
  m_LocalPosition: {x: 0, y: 0, z: 0}
  m_LocalScale: {x: 1, y: 1, z: 1}
  m_Children: []
  m_Father: {fileID: 1586748816}
  m_RootOrder: 1
  m_AnchorMin: {x: 0.5, y: 0.5}
  m_AnchorMax: {x: 0.5, y: 0.5}
  m_AnchoredPosition: {x: -253, y: -132}
  m_SizeDelta: {x: 100, y: 100}
  m_Pivot: {x: 0.5, y: 0.5}
--- !u!224 &1586748820
RectTransform:
  m_ObjectHideFlags: 0
  m_PrefabParentObject: {fileID: 22451880, guid: b03412592621c5045b7561e461f799b6,
    type: 2}
  m_PrefabInternal: {fileID: 0}
  m_GameObject: {fileID: 1586748809}
  m_LocalRotation: {x: 0, y: 0, z: 0, w: 1}
  m_LocalPosition: {x: 0, y: 0, z: 0}
  m_LocalScale: {x: 1, y: 1, z: 1}
  m_Children: []
  m_Father: {fileID: 1586748816}
  m_RootOrder: 0
  m_AnchorMin: {x: 0.5, y: 0.5}
  m_AnchorMax: {x: 0.5, y: 0.5}
  m_AnchoredPosition: {x: -753, y: -132}
  m_SizeDelta: {x: 100, y: 100}
  m_Pivot: {x: 0.5, y: 0.5}
--- !u!1 &1798208838
GameObject:
  m_ObjectHideFlags: 0
  m_PrefabParentObject: {fileID: 102114, guid: b03412592621c5045b7561e461f799b6, type: 2}
  m_PrefabInternal: {fileID: 0}
  serializedVersion: 4
  m_Component:
  - 224: {fileID: 1798208839}
  - 222: {fileID: 1798208842}
  - 114: {fileID: 1798208841}
  - 114: {fileID: 1798208840}
  m_Layer: 5
  m_Name: Button
  m_TagString: Untagged
  m_Icon: {fileID: 0}
  m_NavMeshLayer: 0
  m_StaticEditorFlags: 0
  m_IsActive: 1
--- !u!224 &1798208839
RectTransform:
  m_ObjectHideFlags: 0
  m_PrefabParentObject: {fileID: 22419918, guid: b03412592621c5045b7561e461f799b6,
    type: 2}
  m_PrefabInternal: {fileID: 0}
  m_GameObject: {fileID: 1798208838}
  m_LocalRotation: {x: 0, y: 0, z: 0, w: 1}
  m_LocalPosition: {x: 0, y: 0, z: 0}
  m_LocalScale: {x: 1, y: 1, z: 1}
  m_Children:
  - {fileID: 908196000}
  m_Father: {fileID: 1184270527}
  m_RootOrder: 3
  m_AnchorMin: {x: 0.5, y: 0.5}
  m_AnchorMax: {x: 0.5, y: 0.5}
  m_AnchoredPosition: {x: 907, y: 86}
  m_SizeDelta: {x: 187.7, y: 67.1}
  m_Pivot: {x: 0.5, y: 0.5}
--- !u!114 &1798208840
MonoBehaviour:
  m_ObjectHideFlags: 0
  m_PrefabParentObject: {fileID: 11479064, guid: b03412592621c5045b7561e461f799b6,
    type: 2}
  m_PrefabInternal: {fileID: 0}
  m_GameObject: {fileID: 1798208838}
  m_Enabled: 1
  m_EditorHideFlags: 0
  m_Script: {fileID: 1392445389, guid: f5f67c52d1564df4a8936ccd202a3bd8, type: 3}
  m_Name: 
  m_EditorClassIdentifier: 
  m_Navigation:
    m_Mode: 3
    m_SelectOnUp: {fileID: 0}
    m_SelectOnDown: {fileID: 0}
    m_SelectOnLeft: {fileID: 0}
    m_SelectOnRight: {fileID: 0}
  m_Transition: 1
  m_Colors:
    m_NormalColor: {r: 1, g: 1, b: 1, a: 1}
    m_HighlightedColor: {r: 0.9607843, g: 0.9607843, b: 0.9607843, a: 1}
    m_PressedColor: {r: 0.78431374, g: 0.78431374, b: 0.78431374, a: 1}
    m_DisabledColor: {r: 0.78431374, g: 0.78431374, b: 0.78431374, a: 0.5019608}
    m_ColorMultiplier: 1
    m_FadeDuration: 0.1
  m_SpriteState:
    m_HighlightedSprite: {fileID: 0}
    m_PressedSprite: {fileID: 0}
    m_DisabledSprite: {fileID: 0}
  m_AnimationTriggers:
    m_NormalTrigger: Normal
    m_HighlightedTrigger: Highlighted
    m_PressedTrigger: Pressed
    m_DisabledTrigger: Disabled
  m_Interactable: 1
  m_TargetGraphic: {fileID: 1798208841}
  m_OnClick:
    m_PersistentCalls:
      m_Calls:
      - m_Target: {fileID: 1586748812}
        m_MethodName: PalaaPaaValikkoon
        m_Mode: 1
        m_Arguments:
          m_ObjectArgument: {fileID: 0}
          m_ObjectArgumentAssemblyTypeName: UnityEngine.Object, UnityEngine
          m_IntArgument: 0
          m_FloatArgument: 0
          m_StringArgument: 
          m_BoolArgument: 0
        m_CallState: 2
    m_TypeName: UnityEngine.UI.Button+ButtonClickedEvent, UnityEngine.UI, Version=1.0.0.0,
      Culture=neutral, PublicKeyToken=null
--- !u!114 &1798208841
MonoBehaviour:
  m_ObjectHideFlags: 0
  m_PrefabParentObject: {fileID: 11404182, guid: b03412592621c5045b7561e461f799b6,
    type: 2}
  m_PrefabInternal: {fileID: 0}
  m_GameObject: {fileID: 1798208838}
  m_Enabled: 1
  m_EditorHideFlags: 0
  m_Script: {fileID: -765806418, guid: f5f67c52d1564df4a8936ccd202a3bd8, type: 3}
  m_Name: 
  m_EditorClassIdentifier: 
  m_Material: {fileID: 0}
  m_Color: {r: 1, g: 1, b: 1, a: 1}
  m_RaycastTarget: 1
  m_OnCullStateChanged:
    m_PersistentCalls:
      m_Calls: []
    m_TypeName: UnityEngine.UI.MaskableGraphic+CullStateChangedEvent, UnityEngine.UI,
      Version=1.0.0.0, Culture=neutral, PublicKeyToken=null
  m_Sprite: {fileID: 21300000, guid: 9fed05922205d4241b3c0cd65c537bb1, type: 3}
  m_Type: 0
  m_PreserveAspect: 0
  m_FillCenter: 1
  m_FillMethod: 4
  m_FillAmount: 1
  m_FillClockwise: 1
  m_FillOrigin: 0
--- !u!222 &1798208842
CanvasRenderer:
  m_ObjectHideFlags: 0
  m_PrefabParentObject: {fileID: 22211368, guid: b03412592621c5045b7561e461f799b6,
    type: 2}
  m_PrefabInternal: {fileID: 0}
  m_GameObject: {fileID: 1798208838}
--- !u!1 &2056546452
GameObject:
  m_ObjectHideFlags: 0
  m_PrefabParentObject: {fileID: 124872, guid: b03412592621c5045b7561e461f799b6, type: 2}
  m_PrefabInternal: {fileID: 0}
  serializedVersion: 4
  m_Component:
  - 224: {fileID: 2056546453}
  - 222: {fileID: 2056546455}
  - 114: {fileID: 2056546454}
  m_Layer: 5
  m_Name: VaarinNappi
  m_TagString: Untagged
  m_Icon: {fileID: 0}
  m_NavMeshLayer: 0
  m_StaticEditorFlags: 0
  m_IsActive: 1
--- !u!224 &2056546453
RectTransform:
  m_ObjectHideFlags: 0
  m_PrefabParentObject: {fileID: 22445090, guid: b03412592621c5045b7561e461f799b6,
    type: 2}
  m_PrefabInternal: {fileID: 0}
  m_GameObject: {fileID: 2056546452}
  m_LocalRotation: {x: 0, y: 0, z: 0, w: 1}
  m_LocalPosition: {x: 0, y: 0, z: 0}
  m_LocalScale: {x: 0.5, y: 0.5, z: 1}
  m_Children: []
  m_Father: {fileID: 126460177}
  m_RootOrder: 1
  m_AnchorMin: {x: 0.5, y: 0.5}
  m_AnchorMax: {x: 0.5, y: 0.5}
  m_AnchoredPosition: {x: 165.1, y: 2}
  m_SizeDelta: {x: 100, y: 100}
  m_Pivot: {x: 0.5, y: 0.5}
--- !u!114 &2056546454
MonoBehaviour:
  m_ObjectHideFlags: 0
  m_PrefabParentObject: {fileID: 11414008, guid: b03412592621c5045b7561e461f799b6,
    type: 2}
  m_PrefabInternal: {fileID: 0}
  m_GameObject: {fileID: 2056546452}
  m_Enabled: 1
  m_EditorHideFlags: 0
  m_Script: {fileID: -765806418, guid: f5f67c52d1564df4a8936ccd202a3bd8, type: 3}
  m_Name: 
  m_EditorClassIdentifier: 
  m_Material: {fileID: 0}
  m_Color: {r: 1, g: 1, b: 1, a: 1}
  m_RaycastTarget: 1
  m_OnCullStateChanged:
    m_PersistentCalls:
      m_Calls: []
    m_TypeName: UnityEngine.UI.MaskableGraphic+CullStateChangedEvent, UnityEngine.UI,
      Version=1.0.0.0, Culture=neutral, PublicKeyToken=null
  m_Sprite: {fileID: 21300000, guid: c1be9a4a2aeeb8840bf6676abda5eee8, type: 3}
  m_Type: 0
  m_PreserveAspect: 0
  m_FillCenter: 1
  m_FillMethod: 4
  m_FillAmount: 1
  m_FillClockwise: 1
  m_FillOrigin: 0
--- !u!222 &2056546455
CanvasRenderer:
  m_ObjectHideFlags: 0
  m_PrefabParentObject: {fileID: 22269088, guid: b03412592621c5045b7561e461f799b6,
    type: 2}
  m_PrefabInternal: {fileID: 0}
  m_GameObject: {fileID: 2056546452}
--- !u!1 &2058472082
GameObject:
  m_ObjectHideFlags: 0
  m_PrefabParentObject: {fileID: 133078, guid: b03412592621c5045b7561e461f799b6, type: 2}
  m_PrefabInternal: {fileID: 0}
  serializedVersion: 4
  m_Component:
  - 224: {fileID: 2058472083}
  - 222: {fileID: 2058472086}
  - 114: {fileID: 2058472085}
  - 114: {fileID: 2058472084}
  m_Layer: 5
  m_Name: TarkistusNappi
  m_TagString: Untagged
  m_Icon: {fileID: 0}
  m_NavMeshLayer: 0
  m_StaticEditorFlags: 0
  m_IsActive: 1
--- !u!224 &2058472083
RectTransform:
  m_ObjectHideFlags: 0
  m_PrefabParentObject: {fileID: 22445706, guid: b03412592621c5045b7561e461f799b6,
    type: 2}
  m_PrefabInternal: {fileID: 0}
  m_GameObject: {fileID: 2058472082}
  m_LocalRotation: {x: 0, y: 0, z: 0, w: 1}
  m_LocalPosition: {x: 0, y: 0, z: 0}
  m_LocalScale: {x: 1, y: 1, z: 1}
  m_Children:
  - {fileID: 813329581}
  m_Father: {fileID: 1184270527}
  m_RootOrder: 4
  m_AnchorMin: {x: 0.5, y: 0.5}
  m_AnchorMax: {x: 0.5, y: 0.5}
  m_AnchoredPosition: {x: -349, y: 82}
  m_SizeDelta: {x: 165, y: 60}
  m_Pivot: {x: 0.5, y: 0.5}
--- !u!114 &2058472084
MonoBehaviour:
  m_ObjectHideFlags: 0
  m_PrefabParentObject: {fileID: 11490274, guid: b03412592621c5045b7561e461f799b6,
    type: 2}
  m_PrefabInternal: {fileID: 0}
  m_GameObject: {fileID: 2058472082}
  m_Enabled: 1
  m_EditorHideFlags: 0
  m_Script: {fileID: 1392445389, guid: f5f67c52d1564df4a8936ccd202a3bd8, type: 3}
  m_Name: 
  m_EditorClassIdentifier: 
  m_Navigation:
    m_Mode: 3
    m_SelectOnUp: {fileID: 0}
    m_SelectOnDown: {fileID: 0}
    m_SelectOnLeft: {fileID: 0}
    m_SelectOnRight: {fileID: 0}
  m_Transition: 1
  m_Colors:
    m_NormalColor: {r: 1, g: 1, b: 1, a: 1}
    m_HighlightedColor: {r: 0.9607843, g: 0.9607843, b: 0.9607843, a: 1}
    m_PressedColor: {r: 0.78431374, g: 0.78431374, b: 0.78431374, a: 1}
    m_DisabledColor: {r: 0.78431374, g: 0.78431374, b: 0.78431374, a: 0.5019608}
    m_ColorMultiplier: 1
    m_FadeDuration: 0.1
  m_SpriteState:
    m_HighlightedSprite: {fileID: 0}
    m_PressedSprite: {fileID: 0}
    m_DisabledSprite: {fileID: 0}
  m_AnimationTriggers:
    m_NormalTrigger: Normal
    m_HighlightedTrigger: Highlighted
    m_PressedTrigger: Pressed
    m_DisabledTrigger: Disabled
  m_Interactable: 0
  m_TargetGraphic: {fileID: 2058472085}
  m_OnClick:
    m_PersistentCalls:
      m_Calls:
      - m_Target: {fileID: 1586748812}
        m_MethodName: TarkistaOnkoKirjauksetOikein
        m_Mode: 1
        m_Arguments:
          m_ObjectArgument: {fileID: 0}
          m_ObjectArgumentAssemblyTypeName: UnityEngine.Object, UnityEngine
          m_IntArgument: 0
          m_FloatArgument: 0
          m_StringArgument: 
          m_BoolArgument: 0
        m_CallState: 2
    m_TypeName: UnityEngine.UI.Button+ButtonClickedEvent, UnityEngine.UI, Version=1.0.0.0,
      Culture=neutral, PublicKeyToken=null
--- !u!114 &2058472085
MonoBehaviour:
  m_ObjectHideFlags: 0
  m_PrefabParentObject: {fileID: 11409644, guid: b03412592621c5045b7561e461f799b6,
    type: 2}
  m_PrefabInternal: {fileID: 0}
  m_GameObject: {fileID: 2058472082}
  m_Enabled: 1
  m_EditorHideFlags: 0
  m_Script: {fileID: -765806418, guid: f5f67c52d1564df4a8936ccd202a3bd8, type: 3}
  m_Name: 
  m_EditorClassIdentifier: 
  m_Material: {fileID: 0}
  m_Color: {r: 1, g: 1, b: 1, a: 1}
  m_RaycastTarget: 1
  m_OnCullStateChanged:
    m_PersistentCalls:
      m_Calls: []
    m_TypeName: UnityEngine.UI.MaskableGraphic+CullStateChangedEvent, UnityEngine.UI,
      Version=1.0.0.0, Culture=neutral, PublicKeyToken=null
  m_Sprite: {fileID: 21300000, guid: 9fed05922205d4241b3c0cd65c537bb1, type: 3}
  m_Type: 0
  m_PreserveAspect: 0
  m_FillCenter: 1
  m_FillMethod: 4
  m_FillAmount: 1
  m_FillClockwise: 1
  m_FillOrigin: 0
--- !u!222 &2058472086
CanvasRenderer:
  m_ObjectHideFlags: 0
  m_PrefabParentObject: {fileID: 22247834, guid: b03412592621c5045b7561e461f799b6,
    type: 2}
  m_PrefabInternal: {fileID: 0}
  m_GameObject: {fileID: 2058472082}
--- !u!1 &2093206865
GameObject:
  m_ObjectHideFlags: 0
  m_PrefabParentObject: {fileID: 136182, guid: b03412592621c5045b7561e461f799b6, type: 2}
  m_PrefabInternal: {fileID: 0}
  serializedVersion: 4
  m_Component:
  - 224: {fileID: 2093206866}
  - 222: {fileID: 2093206868}
  - 114: {fileID: 2093206867}
  m_Layer: 5
  m_Name: TapahtumienMaaraText
  m_TagString: Untagged
  m_Icon: {fileID: 0}
  m_NavMeshLayer: 0
  m_StaticEditorFlags: 0
  m_IsActive: 1
--- !u!224 &2093206866
RectTransform:
  m_ObjectHideFlags: 0
  m_PrefabParentObject: {fileID: 22499252, guid: b03412592621c5045b7561e461f799b6,
    type: 2}
  m_PrefabInternal: {fileID: 0}
  m_GameObject: {fileID: 2093206865}
  m_LocalRotation: {x: 0, y: 0, z: 0, w: 1}
  m_LocalPosition: {x: 0, y: 0, z: 0}
  m_LocalScale: {x: 1, y: 1, z: 1}
  m_Children: []
  m_Father: {fileID: 1184270527}
  m_RootOrder: 7
  m_AnchorMin: {x: 0.5, y: 0.5}
  m_AnchorMax: {x: 0.5, y: 0.5}
  m_AnchoredPosition: {x: 297, y: 89}
  m_SizeDelta: {x: 100, y: 100}
  m_Pivot: {x: 0.5, y: 0.5}
--- !u!114 &2093206867
MonoBehaviour:
  m_ObjectHideFlags: 0
  m_PrefabParentObject: {fileID: 11488646, guid: b03412592621c5045b7561e461f799b6,
    type: 2}
  m_PrefabInternal: {fileID: 0}
  m_GameObject: {fileID: 2093206865}
  m_Enabled: 1
  m_EditorHideFlags: 0
  m_Script: {fileID: 708705254, guid: f5f67c52d1564df4a8936ccd202a3bd8, type: 3}
  m_Name: 
  m_EditorClassIdentifier: 
  m_Material: {fileID: 0}
  m_Color: {r: 0, g: 0, b: 0, a: 1}
  m_RaycastTarget: 0
  m_OnCullStateChanged:
    m_PersistentCalls:
      m_Calls: []
    m_TypeName: UnityEngine.UI.MaskableGraphic+CullStateChangedEvent, UnityEngine.UI,
      Version=1.0.0.0, Culture=neutral, PublicKeyToken=null
  m_FontData:
    m_Font: {fileID: 12800000, guid: a4620de66dddd304ab0721777d3cbaf6, type: 3}
    m_FontSize: 20
    m_FontStyle: 0
    m_BestFit: 1
    m_MinSize: 10
    m_MaxSize: 42
    m_Alignment: 4
    m_AlignByGeometry: 0
    m_RichText: 1
    m_HorizontalOverflow: 0
    m_VerticalOverflow: 0
    m_LineSpacing: 1
  m_Text: 1/6
--- !u!222 &2093206868
CanvasRenderer:
  m_ObjectHideFlags: 0
  m_PrefabParentObject: {fileID: 22242070, guid: b03412592621c5045b7561e461f799b6,
    type: 2}
  m_PrefabInternal: {fileID: 0}
  m_GameObject: {fileID: 2093206865}
